2959 4584
15 421 17 522 l

15 761 22 842 Ν.

15 869 17 956 l

177 771 449 900 aersrvun
475 825 772 901 srnuncm
795 828 873 901 An
900 829 1192 905 Avsomvn

447 1082 700 1148 SYMMAGHVS
723 1084 915 1150 AVSONIO.

226 1222 311 1287 Petis
340 1242 359 1288 a
391 1243 442 1288 mc
471 1223 590 1288 litteras
620 1224 794 1307 longiores:
833 1229 880 1290 est
909 1225 970 1291 hoc
1002 1226 1034 1290 in
1061 1245 1120 1291 uos
1148 1228 1215 1292 ueri

145 1322 262 1385 amoris
280 1322 440 1386 indicium.
483 1323 545 1386 Sed
567 1342 636 1402 ego,
658 1324 711 1405 qui
733 1326 792 1387 sim
812 1325 992 1406 paupertini
1015 1326 1132 1406 ingenii
1153 1327 1216 1392 mei

144 1421 305 1502 conscius,
334 1421 509 1486 Laconicae
531 1423 617 1488 malo
638 1424 769 1488 studere
790 1425 957 1500 breuitati‚
987 1445 1085 1508 quarn
1109 1426 1217 1490 multi-

144 1522 223 1602 iugis
241 1521 363 1603 paginis
380 1521 531 1586 infantiae
549 1541 640 1586 meae
655 1524 791 1586 maciem
809 1524 980 1605 publicare.
1009 1523 1074 1589 Nec
1089 1525 1216 1603 mirum,

144 1623 169 1686 si
191 1622 307 1704 eloquii
329 1622 427 1686 nostri
460 1639 543 1685 uena
574 1624 708 1686 tenuata
737 1627 803 1699 est,
832 1641 929 1703 quam
961 1625 1083 1687 dudum
1111 1644 1218 1706 neque

144 1720 236 1785 ullius
256 1721 411 1803 poematis
440 1722 484 1784 lui
508 1740 611 1804 neque
640 1722 832 1804 pedestrium
856 1724 1057 1786 uoluminum
1082 1723 1217 1788 lectione

15 1823 26 1910 ἓΓ
144 1820 261 1883 iuuisti.
305 1820 395 1884 Vnde
423 1821 517 1902 igitur
538 1821 693 1884 sermonis
716 1823 778 1885 mei
801 1821 921 1902 largam
945 1823 1049 1904 poscis
1076 1842 1215 1900 usuram,

145 1919 198 2002 qui
223 1919 297 1983 nihil
315 1919 442 1984 litterati
466 1920 600 1984 faenoris
621 1921 803 1985 credidisti?
847 1920 966 1985 Volitat
988 1925 1063 1985 tuus
1087 1921 1216 1986 Mosella

146 2038 201 2099 per
224 2039 339 2082 manus
362 2021 515 2102 sinusque
536 2020 709 2084 multorum
734 2020 850 2084 diuinis
873 2040 891 2084 a
920 2025 952 2084 te
973 2021 1118 2084 uersibus
1139 2040 1217 2085 con-

15 2147 17 2194 ;
143 2122 299 2193 secratus;
333 2119 389 2183 sed
423 2123 548 2183 tantum
585 2125 693 2184 nostra
725 2139 782 2184 ora
814 2119 1019 2201 praelabitur.
1067 2119 1133 2185 Cur
1166 2137 1216 2184 me

15 2219 17 2244 “
143 2217 232 2281 istius
248 2217 350 2293 libelli,
364 2237 496 2299 quaese,
514 2224 655 2283 exortem
669 2239 738 2283 esse
752 2219 902 2284 uoluisti?
923 2223 979 2283 aut
997 2217 1218 2300 ἄμουσότερος

15 2325 16 2332 ’
144 2319 197 2380 tibi
222 2318 365 2395 uidebar,
384 2319 437 2400 qui
460 2317 600 2382 iudicare
622 2339 687 2382 non
709 2339 855 2402 possem,
875 2323 932 2384 aut
948 2325 1033 2384 certe
1050 2320 1215 2401 malignus,

144 2420 197 2501 qui
218 2418 350 2482 laudare
372 2418 536 2482 nescirem.
580 2419 690 2501 ltaque
719 2420 770 2484 uel
794 2420 920 2500 ingenio
946 2439 1019 2484 meo
1042 2420 1214 2502 plurimum

144 2518 194 2581 uel
213 2517 355 2581 moribus
377 2517 553 2598 derogasti3
575 2523 605 2583 et
630 2523 737 2584 tamen
763 2526 873 2585 contra
895 2521 1096 2585 interdictum
1122 2525 1215 2585 tuum

91 2671 95 2678 .
144 2618 197 2681 uix
219 2619 260 2680 ad
282 2616 364 2680 illius
384 2619 488 2699 operis
520 2637 640 2684 arcana
669 2620 812 2702 perueni.
862 2621 963 2684 Velim
985 2625 1108 2699 tacere,
1137 2619 1214 2702 quid

16 2781 24 2802 ·.
143 2717 295 2797 sentiam3
313 2717 408 2781 uelim
431 2719 513 2782 iusto
535 2719 575 2782 de
594 2725 625 2782 te
645 2719 769 2784 silentio
785 2721 957 2797 uindicari;
978 2722 1033 2784 sed
1047 2719 1217 2784 admiratio

143 2816 333 2898 scriptorum
356 2837 484 2881 sensum
514 2819 630 2898 trangit
657 2820 800 2884 iniuriae.
844 2821 927 2885 Noui
953 2840 1013 2901 ego
1036 2820 1131 2883 istum
1154 2819 1215 2883 ilu-

143 2915 250 2996 uinm,
294 2935 367 2980 cum
407 2920 611 2981 aeternorum
653 2919 832 3000 principum
873 2919 938 2983 iam
969 2920 1090 3002 pridem
1124 2919 1215 3000 signa

143 3017 321 3091 comitarer,
342 3035 453 3097 parem
470 3016 586 3097 multis,
607 3018 762 3100 imparem
786 3020 948 3084 maximis:
970 3020 1057 3084 hunc
1078 3022 1114 3082 tu
1137 3018 1215 3082 mihi

147 3115 320 3195 improuiso
342 3117 498 3179 clarorum
522 3136 673 3180 uersuum
696 3118 849 3197 dignitate
871 3118 1031 3200 Aegyptio
1052 3117 1123 3183 Nilo
1147 3137 1216 3182 ma·

143 3216 252 3291 iorem,
275 3215 467 3295 frigidiorem
483 3217 629 3299 Scythico
645 3217 747 3282 'lanai
770 3218 1002 3300 clarioremque
1021 3218 1082 3282 hoc
1103 3222 1215 3283 nostro

142 3314 286 3395 populari
306 3313 412 3378 Tiberi
443 3317 616 3381 reddidisti.
667 3316 881 3399 Nequaquam
910 3318 966 3381 tibi
988 3319 1150 3383 crederem
1174 3320 1215 3383 de

142 3412 291 3478 Mosellae
318 3419 391 3478 ortu
412 3433 450 3480 ao
474 3421 582 3480 meatu
605 3435 723 3498 magna
747 3417 906 3504 narranti,
929 3418 960 3481 ni
981 3418 1104 3496 scirem,
1127 3419 1214 3500 quod

142 3513 254 3576 necin
278 3517 427 3594 poemate
450 3516 622 3580 mentiaris,
665 3515 759 3580 Unde
780 3516 832 3579 illa
854 3517 1055 3581 amnicorum
1077 3518 1213 3599 piscium

16 3605 22 3621 “
143 3612 290 3677 examina
319 3614 484 3695 repperisti
507 3634 603 3698 quam
626 3616 807 3679 nominibus
834 3618 923 3679 uaria
958 3619 1025 3680 tam
1047 3616 1215 3695 coloribus

143 3715 177 3774 ut
205 3713 425 3792 magnitudine
457 3715 607 3779 distantia
635 3715 679 3780 sic
705 3735 836 3798 sapore,
868 3735 953 3798 quae
980 3719 1016 3779 tu
1046 3715 1215 3796 pigmentis

141 3809 229 3874 istius
259 3813 407 3876 carminis
437 3833 536 3895 supra
566 3817 701 3878 naturae
735 3815 821 3878 dona
852 3815 989 3879 fucasti?
1038 3814 1159 3896 Atquin
1182 3813 1214 3877 in

140 3910 203 3973 tuis
224 3911 341 3976 mensis
362 3932 458 3995 saepe
479 3918 627 3978 uersatus
649 3933 723 3977 cum
747 3913 900 3997 pleraque
918 3913 1000 3991 alia,
1031 3932 1117 3996 quae
1137 3916 1214 3977 tunc

141 4008 176 4074 in
195 4011 298 4090 pretio
315 4016 418 4084 eraut.
441 4012 507 4077 esui
523 4013 648 4078 obiecta
666 4013 809 4090 mirarer,
832 4032 1011 4096 numquam
1031 4012 1093 4077 hoc
1113 4030 1215 4093 genus

182 4119 307 4166 Ausonius,
327 4120 432 4162 Mosella.
1016 4142 1033 4194 6
